
@incollection{togelius2015introduction,
author={Togelius, Julian and Shaker, Noor and Nelson, Mark J.},
title={Introduction},
booktitle={Procedural Content Generation in Games: A Textbook and an Overview of Current Research},
editor={Shaker, Noor and Togelius, Julian and Nelson, Mark J.},
publisher={Springer},
year={2015}
}

@article{yannakakis,
  author = "Yannakakis, Georgios N. and Togelius, Julian",
  title = "Experience-Driven Procedural Content Generation",
  journal = "IEEE Transactions on Affective Computing",
  volume = "2",
  pages = "147 - 161",
  year = "2011"
}

@incollection{smith,
  author = "Smith, Anthony J. and Bryson, Joanna J. ",
  title = "A Logical Approach to Building Dungeons: Answer Set Programming for Hierarchical Procedural Content Generation in Roguelike Games",
  booktitle = "Proceedings of the 50th Anniversary Convention of the AISB",
  year = "2015"
}

@inproceedings{vladimir,
  author    = {Vladimir Lifschitz},
  title     = {What Is Answer Set Programming?},
  booktitle = {Proceedings of the Twenty-Third {AAAI} Conference on Artificial Intelligence,
               {AAAI} 2008, Chicago, Illinois, USA, July 13-17, 2008},
  pages     = {1594--1597},
  year      = {2008},
  url       = {http://www.aaai.org/Library/AAAI/2008/aaai08-270.php},
  timestamp = {Mon, 10 Dec 2012 17:36:53 +0100},
  biburl    = {http://dblp.uni-trier.de/rec/bib/conf/aaai/Lifschitz08},
  bibsource = {dblp computer science bibliography, http://dblp.org}
}

@inproceedings{raedt07problog,
  added-at = {2010-11-08T14:29:30.000+0100},
  author = {De Raedt, Luc and Kimmig, Angelika and Toivonen, Hannu},
  biburl = {http://www.bibsonomy.org/bibtex/20ec7111f87c38a6712c2f2e8883ae89c/djain},
  booktitle = {IJCAI},
  description = {dblp},
  editor = {Veloso, Manuela M.},
  ee = {http://www.ijcai.org/papers07/Papers/IJCAI07-396.pdf},
  interhash = {88f3b25c6156086f19ba460ac63ff843},
  intrahash = {0ec7111f87c38a6712c2f2e8883ae89c},
  keywords = {KR LP SRL},
  pages = {2462-2467},
  timestamp = {2010-11-08T14:31:09.000+0100},
  title = {ProbLog: A Probabilistic Prolog and Its Application in Link Discovery.},
  url = {http://dblp.uni-trier.de/db/conf/ijcai/ijcai2007.html#RaedtKT07},
  year = 2007
}

@MISC{clingo,
    author = {Martin Gebser and Roland Kaminski and Benjamin Kaufmann and Max Ostrowski and Torsten Schaub and Sven Thiele},
    title = {A Userâ€™s Guide to gringo, clasp, clingo, and iclingo},
    year = {}
}
